@book{szerverved,
huname = 2,
author = { Bauer, Michael D. },
title = { Szerverek védelme Linuxszal},
publisher = {Kossuth Kiadó},
year = {2003},
isbn = {963~09~4488~X}
}

@book{linux-biztelj,
huname = 2,
author = { Barrett, Daniel J. and Silverman, Richard E. and Byrnes, Robert G.},
title = {Linux biztonsági eljárások},
publisher = {Kossuth Kiadó},
year = {2004},
isbn = {963~09~5674~6}
}

@Misc{dirservice,
  title = 	 {Directory Service},
  year = 	 {2007},
  url = {http://en.wikipedia.org/wiki/Directory_service}


}

